@BOOK{Integration,
  author = "W. Rudin", 
  title = "Analyse réelle et complexe"}
@ARTICLE{Probabilites,
  author = "J-F. Le Gall",
  title = "Intégration, Probabilités et processus aléatoires"}
@ARTICLE{brownien,
  author = "B. Favetto, R. Le Guével",
  title = "Une application du mouvement Brownien en analyse"}
@ARTICLE{internet,
  author = "internautes",
  title = "http://www.les-mathematiques.net/forum"}

